<record><leader>00000cas a2200000 a 4500</leader><controlfield tag="001">11686153</controlfield><controlfield tag="008">850212d19551971ksuwr ne      0   a0eng d</controlfield><datafield ind1=" " ind2=" " tag="010"><subfield code="a">sn 85029049 </subfield></datafield><datafield ind1=" " ind2=" " tag="040"><subfield code="a">KSH</subfield><subfield code="b">eng</subfield><subfield code="c">KSH</subfield><subfield code="d">NPT</subfield><subfield code="d">OCL</subfield><subfield code="d">OCLCQ</subfield></datafield><datafield ind1=" " ind2=" " tag="042"><subfield code="a">msc</subfield></datafield><datafield ind1="0" ind2="4" tag="245"><subfield code="a">The Jackson County clipper.</subfield></datafield><datafield ind1=" " ind2=" " tag="260"><subfield code="a">Holton, Kan. :</subfield><subfield code="b">Jackson County Press,</subfield><subfield code="c">1955-1971.</subfield></datafield><datafield ind1=" " ind2=" " tag="300"><subfield code="a">16 v. :</subfield><subfield code="b">ill. ;</subfield><subfield code="c">45 cm.</subfield></datafield><datafield ind1=" " ind2=" " tag="310"><subfield code="a">Weekly</subfield></datafield><datafield ind1="0" ind2=" " tag="362"><subfield code="a">Vol. 66, no. 48 (Dec. 8, 1955)-v. 72, no. 41 (Oct. 12, 1961) ; v. 75, no. 42 (Oct. 19, 1961)-v. 84, no. 26 (July 1, 1971).</subfield></datafield><datafield ind1=" " ind2=" " tag="752"><subfield code="a">United States</subfield><subfield code="b">Kansas</subfield><subfield code="c">Jackson</subfield><subfield code="d">Holton.</subfield></datafield><datafield ind1="0" ind2="0" tag="780"><subfield code="t">Soldier clipper</subfield><subfield code="w">(DLC)sn 85029045</subfield></datafield><datafield ind1="0" ind2="4" tag="785"><subfield code="t">Holton recorder (Holton, Kan. : 1908)</subfield><subfield code="w">(DLC)sn 85029035</subfield></datafield></record>